4342 5692
1004 718 1110 826 y.

349 953 538 1026 Logaoedicis
560 955 666 1027 quippe
688 971 808 1027 quorum
830 955 956 1028 rhythmi
980 955 1109 1030 fugacius
1131 964 1250 1015 currant
1270 958 1482 1031 polysemorum
1497 956 1619 1015 tarditas
1641 958 1733 1014 minus
1755 965 1822 1029 apta
1844 964 1888 1015 est
1908 975 1992 1032 quam

192 1058 326 1117 versibus
347 1057 463 1131 diplasii
484 1057 605 1130 generis.
650 1056 690 1114 ht
712 1056 868 1115 formarum
889 1060 1031 1117 varietate
1064 1061 1162 1132 paullo
1190 1061 1242 1118 hes
1271 1067 1417 1133 superant.
1462 1061 1588 1133 Quarum
1617 1060 1646 1116 in
1679 1061 1896 1118 enumeratione
1919 1061 1993 1119 hane

191 1161 272 1218 viam
292 1160 440 1234 ingrediar
463 1166 494 1217 ut
515 1161 639 1232 primum
661 1160 754 1217 dicam
778 1160 814 1218 de
837 1163 965 1220 versibus
987 1163 1037 1236 qui
1058 1164 1088 1220 in
1118 1165 1180 1221 sola
1202 1180 1237 1221 ea
1257 1169 1342 1236 parte
1364 1179 1438 1236 quae
1462 1163 1591 1235 sequitur
1618 1179 1763 1235 syncopen
1785 1163 1917 1235 dactylos
1939 1164 1989 1221 ad·

191 1262 321 1336 mittunt,
343 1262 447 1321 deinde
470 1262 506 1320 de
529 1263 585 1336 oie,
612 1262 661 1336 qui
693 1280 741 1323 eos
772 1263 860 1336 pedes
888 1266 933 1323 vol
956 1266 987 1323 in
1014 1266 1076 1324 sola
1104 1267 1201 1339 priore
1224 1266 1271 1323 vel
1300 1266 1329 1322 in
1352 1272 1475 1338 utraque
1502 1272 1586 1338 parte
1608 1265 1723 1323 habent.
1768 1266 1863 1337 Atque
1885 1266 1992 1337 prioris

189 1366 308 1439 generis
329 1367 461 1439 exempla
483 1348 553 1424 talia
575 1382 649 1439 quae
671 1367 864 1441 legitimorum
887 1367 1001 1440 diplasii
1024 1370 1138 1443 generis
1160 1374 1384 1445 syncopaturum
1407 1369 1554 1426 simillima
1576 1368 1634 1425 siut
1648 1368 1724 1440 apud
1740 1374 1855 1441 qroetam
1879 1374 1993 1426 exstant.

190 1469 283 1527 baec:
316 1468 414 1543 Suypl.
440 1470 633 1543 524=531;
666 1469 745 1528 Pera.
771 1472 1011 1544 1017=10303
1041 1474 1276 1546 1e1e=10293
1308 1471 1406 1544 Suppl.
1433 1474 1630 1544 141=1513
1664 1471 1733 1529 Cho.
1765 1470 1991 1546 793t=83th3

188 1572 279 1630 Eum.
303 1575 485 1633 322=334

694 1704 769 1780 ι’ίναξ
792 1703 930 1768 ἀνάκτοιν
953 1704 1096 1789 μακάρων

695 1872 767 1962 δρᾷς
789 1876 822 1938 τὸ
845 1874 949 1939 λοιπὸν
973 1873 1039 1939 τόδε
1060 1884 1113 1951 τᾶς
1135 1877 1207 1957 ἐμᾶς
1230 1884 1334 1951 στολᾶς

693 2048 839 2129 τραπέντα
864 2046 1055 2130 ναύφρακτον
1079 2049 1156 2129 ἐρεῖς
1178 2045 1280 2128 ὅμιλον

693 2219 808 2299 σπέρμα
831 2226 940 2299 σεμνᾶς
962 2220 1036 2302 μέγα
1059 2216 1168 2301 ματρὸς
1186 2217 1280 2293 εὐνάς

694 2394 803 2470 δίδυμα
826 2389 876 2452 καί
900 2397 1004 2472 τριπλᾶ
1028 2392 1210 2471 παλίμποινα
1232 2391 1330 2452 θέλων
1353 2388 1473 2470 ἀμείψει

691 2567 776 2623 τοῦτο
799 2569 855 2643 γὰρ
878 2559 964 2643 λοίχος
987 2564 1124 2625 διανταία
1149 2565 1243 2642 Μοῖρ’
1268 2561 1431 2623 ἐπέκλωσεν

178 2752 306 2811 Similia
328 2760 394 2813 sumt
417 2754 486 2812 Cho.
511 2758 550 2813 ἴαν
567 2753 702 2831 (=61l)3
724 2754 823 2827 Suppl.
848 2754 1041 2828 528=5353
1067 2757 1258 2827 782=7a13
1280 2754 1423 2827 Aq.141;
1454 2756 1646 2826 770=7ah3
1670 2754 1791 2812 fortasse
1807 2754 1892 2810 etiam
1911 2753 1989 2810 Pers.

180 2860 435 2929 1018=1031;
458 2856 536 2930 Sept.
561 2861 757 2931 302=3203
782 2860 1014 2917 1004=101a
1044 2857 1207 2915 Notandum
1225 2864 1269 2916 est
1291 2858 1406 2916 dimetri
1422 2858 1562 2916 trochaici
1578 2857 1739 2914 catalectici
1759 2874 1822 2913 cum
1838 2857 1991 2928 pluerecra·

176 2967 237 3020 teo
261 2960 459 3033 conjunctioni
481 2962 657 3019 trochaicam
677 2960 797 3019 sormam
820 2961 928 3017 nullam
942 2966 1077 3018 accurate
1092 2960 1281 3032 respondere:
1305 2978 1370 3018 nam
1389 2961 1551 3018 tetrametri
1568 2959 1707 3018 trochaici
1731 2959 1830 3017 eodem
1845 2960 1910 3017 loco
1925 2977 1990 3032 syn-

176 3063 292 3137 capati
314 3080 412 3122 omnes
433 3064 464 3121 in
483 3063 612 3135 jambam
636 3063 777 3121 desinunt
823 3062 950 3133 Quodsi
974 3064 1049 3120 iuter
1072 3062 1177 3121 formas
1207 3063 1323 3136 diplasii
1345 3064 1460 3137 generis
1489 3064 1595 3120 similes
1618 3062 1693 3118 hune
1715 3062 1912 3134 logaoodicum
1927 3078 1991 3119 ver·

173 3183 253 3225 sum
277 3166 452 3239 enumeravi,
475 3182 510 3224 eo
532 3174 626 3225 motus
647 3184 709 3224 snm
732 3167 809 3240 quod
831 3166 935 3239 opinor
956 3181 1081 3239 syncope
1103 3165 1182 3224 tinali
1205 3167 1232 3224 ei
1255 3167 1312 3224 rim
1335 3167 1459 3240 legitimi
1482 3165 1642 3224 tetrametri
1665 3165 1833 3222 attributam
1856 3181 1926 3222 esse.

348 3286 381 3343 In
402 3287 504 3345 ionicis
527 3289 688 3360 systematis
710 3303 913 3361 nonnunquam
935 3286 1053 3359 dipedia
1071 3287 1198 3360 jambioa
1219 3292 1287 3345 ante
1309 3286 1439 3344 ordinem
1460 3285 1659 3359 legaoedicum
1681 3302 1699 3342 a
1722 3285 1836 3356 dactylo
1851 3284 1990 3356 incipien-

174 3398 248 3449 tem
272 3388 388 3447 videtur
409 3391 504 3463 posita
526 3408 588 3449 esse
609 3399 641 3448 ut
664 3390 760 3448 Prem.
787 3394 965 3450 1aa=144

768 3555 861 3638 μηδὲν
885 3559 1042 3643 φοβηθῇς·
1068 3559 1151 3634 φιλία
1173 3556 1229 3640 γαρ
1252 3553 1307 3637 ἥδε
1330 3554 1418 3631 τάξις.

171 3734 272 3793 Haec
297 3731 386 3791 verba
402 3734 464 3806 jam
486 3729 705 3795 llermannus¹t
728 3750 785 3791 uno
808 3751 892 3791 uersu
915 3732 1061 3805 conjunxit
1085 3750 1168 3803 quem
1195 3732 1306 3805 antiqui
1334 3733 1435 3789 scholii
1463 3732 1638 3789 auctoritate
1667 3730 1745 3787 rrisus
1767 3736 1989 3787 anacreontoum

167 3834 358 3911 appellauit
402 3835 441 3893 Et
464 3835 605 3894 Christius
627 3835 751 3909 quidem,
774 3853 837 3892 cum
860 3832 961 3909 olim²)
990 3836 1031 3892 ita
1053 3852 1153 3893 eorum
1175 3842 1267 3892 metra
1290 3836 1425 3892 constitui
1450 3829 1585 3911 jussisset
1613 3839 1643 3890 ut
1672 3832 1798 3906 tripudia
1821 3832 1991 3891 catalectico

167 3946 256 4001 ante
280 3935 424 3997 refractus
445 3939 556 3998 ionieos
578 3939 709 4011 praedici
732 3956 849 3996 nrurrere
871 3938 1048 4012 inungeretur,
1071 3934 1196 4010 nuper³)
1224 3938 1255 3994 in
1277 3955 1395 3996 numero
1418 3939 1614 4010 praecisorum
1637 3954 1708 4010 quos
1730 3936 1883 4008 acephalos
1906 3940 1990 3991 uocat

167 4058 327 4103 ramnum
342 4040 441 4100 haberi
456 4041 566 4101 maluit.
596 4042 671 4102 Utra
685 4041 823 4101 metiendi
837 4043 913 4099 ratio
935 4042 1031 4101 verior
1046 4042 1084 4099 sit
1104 4057 1274 4114 quamquam
1289 4057 1342 4114 pro
1358 4046 1437 4098 certo
1452 4040 1597 4098 affirmare
1619 4058 1677 4098 uon
1691 4038 1793 4113 audeo,
1815 4046 1911 4096 tamen
1926 4053 1990 4094 cum

163 4148 204 4207 in
235 4144 390 4204 nonnullis
412 4145 537 4218 ejusdem
560 4146 673 4218 generis
695 4146 824 4203 versibus
846 4152 912 4216 post
933 4145 1061 4217 quintam
1083 4144 1220 4217 syllabam
1243 4144 1370 4202 clausula
1393 4144 1472 4202 neeis
1494 4161 1551 4203 uon
1574 4142 1690 4215 incidat,
1718 4141 1749 4199 id
1771 4142 1847 4215 quod
1870 4140 1990 4214 impedit

162 4248 344 4327 quominus
365 4247 417 4305 illa
438 4248 565 4321 tripodia
586 4247 745 4320 perfeetum
769 4249 853 4305 colon
875 4254 1001 4321 putetur,
1023 4248 1073 4305 illa
1095 4249 1239 4305 recentior
1262 4247 1316 4303 viri
1339 4247 1496 4304 doctissimi
1519 4247 1616 4319 opinio
1639 4246 1710 4302 mihi
1730 4245 1821 4318 magis
1841 4243 1988 4317 probatur.

163 4350 267 4413 Idem
295 4348 375 4407 cedit
395 4350 425 4407 in
448 4351 500 4408 bos
522 4368 634 4409 versus:
657 4351 753 4408 Prem.
780 4354 973 4423 133=14tt3
999 4352 1187 4410 aaa=40e
1232 4350 1367 4407 Fortasse
1390 4350 1476 4407 etiam
1499 4349 1594 4408 Prem.
1620 4350 1799 4408 131=147
1823 4348 1889 4405 talis
1911 4366 1990 4405 nien·

160 4471 251 4517 sm
277 4452 437 4511 statuenda
459 4460 502 4512 eet
524 4454 553 4511 in
577 4455 632 4512 hoc
654 4471 739 4511 versu
761 4456 923 4527 systematis
945 4454 1030 4512 ionici
1055 4453 1191 4527 cyusdem,
1214 4472 1248 4511 en
1272 4470 1328 4525 quo
1351 4453 1464 4525 priores
1486 4453 1551 4511 illos
1574 4469 1671 4511 versus
1693 4452 1785 4525 attuli,

629 4623 720 4706 πέτρα
742 4619 1017 4704 προσαυαινόμενον
1039 4619 1135 4682 ταῖσδ’
1163 4619 1423 4700 ἀδαμαντοδέτοισι
1446 4618 1552 4701 λύμαις

349 4984 377 5041 1)
395 4978 481 5031 Elem.
500 4978 524 5031 d.
544 4995 588 5041 m,
607 4994 666 5046 pag.
685 4984 745 5031 493.

346 5068 378 5131 2)
397 5064 484 5127 bleta,
504 5081 564 5133 pag.
584 5070 642 5116 516.

346 5154 375 5219 3)
394 5150 509 5216 Genua,
526 5167 586 5222 pag.
608 5156 647 5203 ta,
