4342 5692
972 214 1129 305 ‘¹4,

164 432 193 483 ct
214 424 292 498 Sept.
318 427 499 484 720=727
523 426 554 481 iu
576 441 660 482 versu
683 424 731 495 qui
752 424 835 480 initio
858 423 1019 497 systematis
1040 423 1129 480 ionici
1149 425 1260 497 positus
1283 433 1326 482 cst

600 592 683 666 ξένος
706 589 738 652 δὲ
760 588 888 672 κλήρους
911 590 1043 675 ἐπινωμᾷ
1070 588 1208 671 Χάλυβος
1232 597 1365 653 Σκυθῶν
1388 588 1523 668 ἄποικος,

163 767 213 839 qni
236 783 335 825 versus
359 783 376 824 a
398 766 543 838 prioribus
566 783 600 825 eo
623 765 760 824 differunt
781 765 857 837 qrrod
879 766 1024 837 praecisos
1045 766 1135 838 pedes
1157 784 1215 824 non
1237 766 1417 824 anaclomcui
1439 766 1527 823 ionici
1552 764 1699 837 excipiunt
1725 763 1777 822 sed
1798 764 1955 822 intermissi

161 875 228 926 suut
249 869 353 942 singidi
375 870 440 942 puri
462 870 558 927 ionici.

314 972 402 1029 Haud
423 974 465 1030 ita
487 972 638 1030 dissimiles
660 976 727 1029 sunt
748 988 847 1029 versus
868 973 897 1028 in
919 972 1030 1043 parodo
1054 973 1275 1045 Agamemnonis
1300 974 1488 1045 109=1263
1513 974 1690 1031 116=132

606 1124 635 1183 S.
669 1119 749 1194 ὅπως
766 1117 891 1201 Ἀχαιῶν
915 1124 1061 1202 δίθρονον
1084 1119 1191 1202 κράτος
1202 1111 1350 1195 ’Ἑλλάδος
1372 1118 1449 1202 ἥβας
1472 1157 1511 1165 -

610 1229 642 1285 A.
673 1220 768 1307 χρόνῳ
791 1222 844 1303 μὲν
866 1221 953 1307 ἆχρεῖ
975 1221 1116 1305 Πριάμου
1139 1222 1224 1287 πόλιν
1247 1222 1300 1286 ἅδε
1324 1226 1465 1297 κέλευθος

611 1381 638 1439 S.
673 1378 814 1453 φανέντες
837 1378 921 1458 λκταρ
945 1375 1105 1460 μελάθρων
1127 1383 1209 1460 χερὸς
1233 1379 1265 1440 ἐκ
1289 1376 1467 1459 δοριπάλτου
1491 1413 1530 1422 -
1634 1362 1637 1371 ¹

606 1487 638 1542 A.
669 1481 854 1561 στρατωθέν·
886 1481 958 1565 οἴκῳ
980 1481 1036 1563 γὰρ
1060 1481 1228 1557 ἐπίφθονος
1243 1478 1381 1562 ’Ἀρτεμις
1404 1478 1490 1563 ἁγνά.

167 1655 242 1712 Nam
264 1657 294 1713 in
316 1656 360 1714 his
377 1673 491 1729 querque
514 1673 577 1713 cum
591 1663 657 1729 post
678 1656 791 1727 quintas
814 1655 938 1727 syllabas
960 1655 1100 1743 vocabula
1121 1656 1311 1714 terminentur
1333 1655 1418 1715 facile
1446 1656 1509 1728 quis
1535 1655 1661 1713 coniciet
1681 1654 1835 1727 tripodiam
1849 1652 1960 1710 catale-

166 1758 268 1815 cticam
290 1775 308 1815 a
330 1766 465 1831 sequente
489 1758 589 1816 ordine
612 1757 801 1830 separandam
824 1775 895 1815 esso.
939 1758 1070 1816 Eandem
1093 1758 1263 1815 divisionem
1290 1758 1412 1816 suadent
1433 1775 1532 1817 versus
1554 1758 1682 1831 ejusdem
1705 1756 1814 1815 formae
1837 1757 1863 1814 ei
1886 1773 1960 1828 quos

161 1860 371 1934 Aristophanes
392 1862 422 1919 iu
443 1861 533 1919 Rauis
558 1864 640 1920 1264
657 1878 715 1932 sqq.
740 1859 910 1931 Euripidem
934 1876 968 1916 ex
990 1861 1126 1933 Aeschyli
1148 1861 1307 1934 tragoediis
1329 1860 1496 1920 afferentem
1519 1860 1597 1919 iacit.

575 2006 691 2072 Φθιῶτ’
714 2006 845 2088 Ἀχιλλεῦ
868 2013 895 2071 τί
917 2007 981 2072 ποτ’
1009 2008 1225 2091 ἀνδροδάικτον
1247 2009 1368 2074 ἁκούων
1391 2049 1432 2056 -

570 2109 684 2175 κύδιστ’
708 2108 833 2191 Ἀχαιῶν
852 2109 977 2194 Ἀτρέως
1000 2116 1196 2194 πολυκοίρανε
1219 2111 1358 2194 μάνθανέ
1380 2140 1437 2193 μου
1459 2122 1514 2175 παῖ
1536 2150 1577 2158 -

572 2222 675 2295 κυρεῖν
698 2211 857 2295 παρασχὼν
881 2218 997 2295 ἰταμαῖς
1018 2216 1105 2277 κυσὶν
1129 2213 1325 2296 ἀεροφοίτοις.

162 2393 203 2448 At
224 2407 288 2448 cunr
309 2391 340 2448 in
362 2390 472 2463 paredo
495 2389 717 2463 Agamemnonis
739 2391 828 2447 ceteri
852 2407 950 2448 omnes
977 2408 1075 2449 versus
1104 2407 1120 2447 e
1149 2390 1265 2463 dactylo
1294 2391 1465 2450 incohentur
1493 2398 1615 2463 apparet
1642 2391 1770 2462 paullum
1796 2406 1848 2447 nos
1871 2405 1960 2447 meru·

162 2494 279 2552 brorum
295 2493 518 2551 concinnitatem
541 2493 706 2551 turbaturus
722 2509 784 2550 esse
806 2493 830 2549 si
853 2510 952 2551 versus
974 2493 1011 2550 ab
1027 2499 1182 2565 anapaesto
1204 2494 1375 2566 incipientes
1397 2495 1595 2552 insereremus.
1627 2492 1751 2551 Accedit
1772 2509 1841 2550 vero
1864 2492 1961 2549 altera

165 2612 251 2654 causo
278 2597 369 2653 multo
392 2597 508 2669 gravior
534 2611 590 2668 qua
618 2595 805 2668 prohibemur
832 2595 1005 2668 tripedicam
1033 2597 1116 2653 colon
1144 2613 1162 2654 a
1190 2603 1326 2668 sequente
1354 2597 1456 2655 ordine
1485 2597 1669 2670 distinguere.
1714 2595 1789 2653 Nam
1811 2594 1960 2653 Ranarum

162 2700 228 2757 loco
250 2699 368 2756 laudato
391 2698 544 2774 Euripides
567 2715 630 2755 cum
652 2704 772 2771 propter
793 2698 823 2755 id
846 2695 938 2771 ip'sum
968 2715 1056 2771 genus
1083 2715 1217 2757 versuum
1238 2700 1411 2773 Aeschylum
1439 2717 1503 2757 cum
1526 2694 1746 2779 iporrootpo'mgr
1769 2704 1960 2771 compararet,

163 2804 290 2861 restioue
318 2802 452 2858 nimirum
468 2802 515 2873 qui
538 2801 639 2873 longos
661 2801 743 2859 funes
766 2800 865 2873 quales
887 2807 953 2859 sunt
967 2803 1097 2874 puteales
1119 2809 1261 2875 necteret,
1284 2803 1353 2875 iyuid
1375 2803 1453 2861 aliud
1469 2803 1565 2861 dicere
1588 2803 1679 2860 voluit
1701 2801 1756 2858 nisi
1771 2802 1843 2859 tales
1858 2816 1961 2857 uersus

164 2905 217 2963 sibi
240 2905 323 2962 nimis
346 2905 446 2977 longos
469 2903 584 2962 rideri?
627 2904 707 2975 Quae
732 2920 794 2960 curn
816 2904 859 2961 ita
887 2904 944 2961 siut
970 2903 1052 2961 uobis
1078 2905 1194 2963 minime
1224 2906 1293 2963 licet
1314 2907 1344 2964 in
1370 2906 1503 2965 breviora
1524 2907 1587 2963 cola
1609 2905 1675 2962 illos
1698 2921 1797 2961 versus
1820 2902 1960 2960 dividere.

79 3026 84 3035 ·
163 3007 264 3065 Malim
287 3007 375 3080 igitur
398 3007 523 3065 Christio
545 3008 680 3065 assentiri
695 3007 744 3079 qui
767 3014 864 3064 conset
887 3007 923 3063 ob
939 3023 1001 3063 earn
1018 3023 1133 3064 causam
1155 3008 1328 3081 Aeschylum
1349 3017 1415 3082 post
1434 3010 1556 3081 primam
1572 3008 1715 3081 dipodiam
1738 3006 1878 3065 uocabula
1901 3020 1960 3062 non

161 3110 329 3169 terminasse
353 3116 384 3167 nt
402 3110 529 3181 jambica
554 3126 620 3181 pars
643 3127 742 3168 versus
764 3127 828 3167 cum
850 3110 992 3183 dactylico
1014 3111 1104 3168 artius
1127 3112 1304 3169 cohaereret.
1349 3112 1453 3171 Utrum
1475 3112 1649 3169 autemillis
1674 3110 1780 3184 janrbis
1805 3108 1960 3181 dipodicae

162 3213 239 3271 basis
257 3212 489 3270 Hernrauniauae
505 3212 617 3284 pondus
635 3212 817 3271 tribuendum
833 3214 871 3270 sit
887 3229 924 3269 an
940 3214 1013 3270 arsis
1028 3214 1157 3271 ternaria
1179 3214 1331 3272 statuenda
1353 3217 1383 3272 iu
1399 3214 1493 3272 medio
1508 3215 1648 3287 relinquo.

316 3315 412 3373 Etiam
434 3314 579 3373 difficilius
602 3320 645 3373 est
663 3315 804 3388 judicium
827 3315 862 3374 de
886 3315 1012 3388 ejusdem
1034 3314 1149 3374 fabulae
1172 3332 1255 3374 versu
1278 3318 1456 3377 245--256

631 3470 720 3542 φίλου
742 3463 954 3547 τριτόσπονδον
977 3463 1124 3546 εὕποτμον
1147 3472 1259 3528 παιᾶνα
1282 3470 1374 3543 φίλως
1397 3467 1489 3549 ἐτίμα.

164 3624 250 3681 Hunc
272 3640 384 3682 versum
409 3624 564 3682 deterrimo
585 3625 722 3697 rhythmo
744 3623 880 3682 incedere
902 3623 1018 3682 auribus
1041 3624 1110 3682 meis
1133 3623 1288 3697 crederem,
1312 3626 1336 3682 si
1358 3625 1442 3684 modo
1464 3627 1494 3683 in
1509 3624 1701 3698 dijudicandis
1715 3630 1845 3680 veterum
1860 3621 1967 3678 metris

167 3726 413 3799 auribusquippc
435 3743 510 3799 quae
530 3727 724 3785 recentiorum
746 3744 878 3785 versuum
900 3728 1027 3785 numeris
1049 3728 1133 3784 nimis
1155 3735 1286 3785 assuetae
1307 3729 1365 3785 sint
1386 3728 1457 3787 fides
1480 3736 1523 3786 est
1543 3727 1683 3785 habenda.
1712 3726 1752 3783 At
1774 3725 1803 3781 in
1825 3731 1966 3796 promptu

166 3836 210 3888 est
230 3831 407 3903 argumentis
428 3830 505 3886 huuc
526 3846 639 3887 versum
663 3836 825 3903 suspectum
846 3829 976 3888 reddere.
1008 3831 1135 3887 Primum
1157 3830 1233 3887 enim
1256 3829 1376 3888 offendit
1398 3832 1473 3903 quod
1496 3832 1559 3904 ejus
1580 3829 1691 3888 numeri
1708 3827 1859 3900 dipodicae
1882 3842 1966 3883 men·

165 3949 250 3991 surae
282 3933 362 3989 nullo
397 3932 482 3989 modo
512 3933 605 4004 aptari
633 3940 759 4004 possunt.
803 3932 891 3990 Thesi
919 3933 995 3990 enim
1020 3939 1087 4005 post
1119 3934 1241 3990 alterum
1271 3934 1400 4005 jambum
1432 3935 1564 4007 suppleta
1591 3950 1690 3990 versus
1717 3930 1768 3988 liet
1793 3934 1967 3987 tetrameter

165 4035 423 4108 hypercatalectus.
470 4034 690 4092 Concedondum
712 4035 826 4107 quidem
851 4042 973 4094 estnon
996 4052 1087 4108 aeqiie
1112 4036 1142 4092 in
1164 4036 1339 4109 logaoedicis
1363 4032 1454 4109 'atquc
1483 4037 1512 4093 in
1543 4035 1657 4108 diplasii
1686 4034 1799 4108 generis
1829 4031 1965 4088 versibus

165 4144 265 4210 poetas
299 4136 451 4210 dipodicae
478 4154 629 4196 mensurae
652 4154 769 4211 operam
791 4138 912 4197 dedisse.
956 4139 1029 4196 Nam
1060 4155 1123 4195 curn
1150 4139 1179 4196 in
1208 4138 1357 4211 dactylicis
1384 4140 1557 4196 carminibus
1584 4138 1741 4210 antiquitus
1769 4133 1966 4205 monopodica

166 4257 299 4299 mensura
322 4240 468 4298 tralaticia
491 4239 591 4299 suisset
612 4241 642 4298 in
668 4242 822 4299 trochaicis
849 4247 878 4300 et
896 4241 1029 4313 jnmbicis
1058 4242 1199 4314 dipodica,
1227 4242 1386 4313 ubicunque
1415 4241 1528 4313 diplasii
1555 4241 1667 4315 generis
1693 4239 1782 4312 podes
1810 4252 1874 4292 cum
1910 4235 1965 4292 da-

168 4345 251 4417 ctylis
270 4342 392 4417 jugandi
415 4350 497 4401 erant
512 4343 649 4401 utralibet
670 4345 783 4402 ratione
798 4362 850 4401 sno
877 4344 999 4401 arbitrio
1021 4351 1125 4417 poetae
1148 4360 1260 4402 versum
1282 4345 1377 4402 metiri
1399 4350 1541 4417 poterant.
1564 4347 1698 4402 Attamen
1721 4341 1880 4412 Aeschylus
1897 4356 1965 4396 cum

166 4448 288 4505 maxime
312 4446 359 4503 ubi
381 4462 524 4519 syncopen
547 4445 680 4505 adhibuit
701 4464 758 4504 non
780 4448 872 4505 solnm
895 4447 983 4505 totius
1013 4464 1114 4506 versus
1136 4447 1272 4505 ambitum
1301 4447 1351 4505 sed
1382 4448 1479 4515 etiam,
1497 4447 1622 4521 singulas
1649 4452 1747 4519 partes
1768 4458 1894 4516 syncope
1917 4441 1965 4499 di-

167 4549 286 4607 stinctas
309 4555 474 4607 constanter
501 4550 542 4607 ita
564 4548 733 4607 formaverit
755 4556 788 4607 ut
809 4550 971 4623 dipodicam
993 4566 1153 4608 mensuram
1176 4550 1368 4622 admitterent
1392 4550 1547 4607 carendum
1570 4555 1614 4608 est
1635 4566 1671 4606 ne
1693 4550 1770 4605 hunc
1791 4552 1908 4619 poetam
1931 4546 1963 4603 iu

167 4651 343 4726 logaoedicis
364 4652 394 4709 id
416 4670 504 4726 genus
527 4652 657 4710 versibus
679 4651 897 4725 monopodicam
919 4654 1090 4724 praetulisse
1112 4660 1221 4711 temere
1242 4658 1381 4725 putemus.
1426 4653 1547 4711 Accedit
1573 4651 1650 4724 quod
1681 4650 1757 4708 idem
1779 4665 1878 4707 versus
1901 4648 1963 4705 sin-

167 4757 241 4829 gulis
263 4755 396 4828 syncopis
417 4757 534 4813 mutilos
555 4754 585 4812 in
607 4762 705 4827 partes
726 4756 857 4828 supparis
879 4756 1084 4828 magnitudinis
1106 4755 1250 4814 dissecare
1271 4755 1389 4814 solebat.
1427 4755 1459 4812 In
1482 4755 1611 4813 dimetria
1634 4756 1708 4812 enim
1731 4760 1760 4811 et
1782 4751 1963 4809 tetrametris

168 4875 233 4916 eum
254 4858 363 4915 nullam
384 4859 470 4916 aliam
500 4874 584 4930 quam
611 4857 734 4916 mediam
762 4859 866 4916 thesim
888 4859 1016 4917 omisisse
1038 4858 1173 4931 vidimus,
1207 4864 1239 4915 ut
1267 4859 1332 4915 cola
1358 4874 1432 4930 quae
1461 4874 1606 4930 syncopen
1634 4857 1809 4915 antecedunt
1831 4853 1962 4927 ejusdem

166 4958 270 5019 fierent
291 4960 414 5018 ambitus
436 4966 522 5032 atque
551 4977 675 5033 eaquae
696 4966 866 5035 sequuntur3
889 4961 1035 5019 trimetros
1049 4965 1149 5018 autem
1171 4961 1247 5033 quod
1261 4967 1327 5034 post
1348 4960 1503 5020 secundum
1525 4960 1627 5032 pedem
1642 4975 1767 5032 syncope
1790 4957 1962 5016 imminuere

324 5166 350 5223 1)
369 5157 460 5223 Mete,
478 5173 537 5227 pag.
557 5162 615 5213 238.
