4342 5692
1099 223 1119 289 8

370 436 427 496 Sed
448 436 662 496 memorandum
684 437 799 495 videtur
820 436 873 510 Ag.
890 439 1068 495 2232-233
1092 435 1244 494 nonnullas
1266 433 1407 492 editiones
1422 433 1584 490 trimetrum
1605 442 1672 506 post
1693 436 1809 493 tertiam
1832 436 1918 495 arsim
1941 452 2008 511 syn·

218 548 350 614 copatnm
373 541 509 599 exhibere

839 669 962 732 τάλαινα
983 668 1144 753 παρακοπὰ
1167 667 1381 753 πρωτοπήμων.

216 850 306 920 Quem
336 865 449 906 versum
478 847 662 919 Wcstphalns
675 844 699 919 ¹)
731 854 759 904 et
787 846 929 903 Hernicus
957 843 1119 921 Schmidt2)
1148 839 1355 923 πρωτοπήμων
1385 847 1526 905 vocabulo
1555 864 1618 905 cum
1647 849 1830 921 sequentibus
1853 853 2007 924 conjuncto

216 958 416 1023 correxerunt3
446 956 475 1008 et
496 949 669 1008 Schmidtius
690 949 806 1021 quidem
827 955 918 1007 totum
942 949 1034 1007 locum
1058 950 1188 1007 omnibus
1216 949 1410 1021 discriptionis
1438 951 1589 1023 generibus
1618 952 1654 1009 ab
1680 952 1839 1011 editoribus
1867 959 2008 1013 tentatum
2110 982 2113 986 ·

215 1072 288 1112 unus
310 1060 387 1112 recte
409 1053 523 1111 videtur
544 1054 586 1110 sie
609 1052 790 1111 constituisse

825 1184 950 1265 βροτοὺς
973 1182 1119 1266 θρασύνει
1141 1184 1197 1268 γὰρ
1221 1182 1408 1267 αἰσχρόμητις

825 1284 947 1348 τόλαινα
970 1288 1131 1369 παρακοπὰ

825 1387 1045 1472 πρωτοπήμων·
1069 1391 1134 1452 ἔτλα
1157 1387 1185 1450 δ’
1205 1380 1261 1452 οὖν
1283 1390 1382 1471 θυτὴρ

825 1493 967 1576 γενέσθαι
989 1490 1149 1575 θυγατρός,

825 1598 1065 1677 γυναικοποίνων
1086 1597 1223 1675 πολέμων
1245 1594 1375 1679 όρωγιίν,

827 1699 878 1759 καὶ
900 1699 1052 1779 προτέλεια
1068 1705 1157 1760 ναῶν.

371 1872 440 1930 Che.
465 1875 644 1932 624=632
667 1872 799 1930 vitiosam
821 1873 978 1931 editionum
1001 1874 1204 1946 pentapodiam

883 2037 973 2126 λόγῳ·
998 2044 1104 2120 βοᾶται
1127 2037 1156 2101 d’
1176 2037 1222 2102 αἰεὶ
1244 2036 1337 2101 τόθεν

216 2214 359 2286 quomodo
388 2213 590 2271 removendam
621 2229 682 2273 csse
711 2221 843 2287 putarem
870 2230 957 2287 supra
984 2210 1109 2273 indicavi
1138 2215 1188 2272 obi
1215 2216 1358 2288 integrum
1388 2221 1512 2288 systema
1540 2217 1686 2289 exscripsi.
1740 2218 1917 2290 Quamquam
1949 2236 2008 2278 non

217 2316 404 2376 omittendum
428 2324 471 2373 est
492 2317 664 2375 antithetum
687 2334 801 2374 versum

882 2447 971 2534 πόθῳ
994 2447 1124 2532 ἀκαίρως
1147 2449 1181 2512 δὲ
1204 2451 1345 2527 ὸυσφιλίς

218 2640 281 2682 eam
304 2584 403 2697 qnam¹
417 2624 537 2696 probavi
559 2641 742 2683 numerorum
772 2626 1005 2683 constitutionem
1034 2624 1210 2684 dissuadere.
1255 2625 1294 2683 Et
1323 2633 1418 2698 potest
1444 2625 1559 2698 quidem
1575 2626 1681 2695 ,conio
1711 2627 1917 2700 pentapodiam
1944 2646 2008 2687 cum

216 2727 400 2799 sequentibus
423 2727 650 2800 conjungendam
673 2744 735 2785 esse
757 2733 789 2785 ut
810 2725 861 2785 fiat
883 2728 1042 2800 decapodia
1063 2735 1129 2800 post
1150 2728 1304 2786 secundam
1327 2736 1356 2787 et
1378 2734 1487 2787 sextam
1508 2729 1596 2785 arsim
1618 2736 1785 2801 syncopata,
1808 2732 1922 2802 qualem
1944 2749 2009 2791 ver·

217 2846 278 2887 sum
301 2828 423 2888 fortasse
445 2830 560 2888 admisit
580 2836 666 2902 poeta
689 2829 787 2903 Suppl,
814 2833 994 2889 156=170

602 2989 652 3059 τόν
674 3003 726 3070 τᾶς
748 3000 818 3076 βοὸς
840 2994 926 3083 παῖδ’
953 2993 1106 3078 ιἰτιμόσας,
1130 2993 1181 3059 τόν
1204 2995 1292 3072 αὐτός
1315 2993 1376 3059 ποτ’
1402 2998 1514 3060 ἔκτισεν
1536 2995 1623 3082 γόνῳ.

218 3171 274 3230 Sed
296 3188 359 3229 enm
381 3172 455 3229 tanti
476 3172 599 3229 ambitus
621 3188 706 3229 versu
728 3173 885 3229 minoribus
907 3173 1036 3230 immixto
1067 3174 1244 3233 concinnitas
1273 3174 1465 3231 membrorum
1492 3174 1640 3245 paululum
1668 3173 1799 3231 turbetur
1821 3175 1892 3231 mihi
1913 3176 2009 3248 potius

219 3271 360 3346 ὀυσφιλὲς
381 3275 461 3332 vocis
483 3275 564 3346 prior
585 3290 652 3345 pars
673 3274 712 3332 ad
732 3274 949 3333 antecedentem
971 3276 1065 3333 altera
1086 3277 1123 3334 ad
1145 3283 1310 3349 sequentem
1334 3292 1446 3332 versum
1469 3274 1620 3333 adicienda
1643 3292 1705 3334 esse
1727 3276 1850 3335 videtur.
1890 3277 2010 3337 Constat

219 3377 294 3434 enim
317 3374 401 3434 finem
423 3377 513 3448 partis
536 3376 757 3449 compositorum
780 3377 855 3435 idern
878 3378 954 3435 hand
977 3394 1044 3436 raro
1066 3379 1177 3451 piandus
1199 3379 1306 3437 habere
1328 3384 1414 3449 atque
1437 3377 1522 3435 finem
1544 3378 1633 3435 totius
1655 3379 1797 3436 vocabuli.

371 3480 478 3537 Versus
501 3479 579 3536 Pers.
606 3482 666 3538 638
690 3476 744 3554 (ε.-
758 3475 832 3557 645)

910 3610 1067 3676 παντάλαν’
1093 3612 1148 3694 όίχη
1172 3613 1321 3693 διαβαόζω

218 3787 270 3863 qui
300 3787 444 3845 nonnullis
471 3785 646 3865 pentapodia
675 3786 803 3858 jambiea
829 3793 895 3858 post
922 3788 1077 3846 secundam
1105 3789 1193 3847 arsim
1222 3793 1379 3860 syncopat-a
1407 3805 1469 3846 esse
1500 3787 1666 3860 videbatur,
1699 3805 1798 3845 verum
1821 3795 1864 3847 est
1885 3790 2011 3848 trochai-

219 3906 284 3947 cum
306 3890 398 3948 colon.

373 3992 406 4048 ln
430 4008 514 4049 versu
536 3991 613 4063 Sept.
636 3994 815 4051 837=846

513 4155 636 4238 νεκροὺς
659 4158 787 4218 ἔκλαυσα
809 4156 964 4239 δυσμόρως
987 4157 1155 4232 θανόντας·
1180 4148 1200 4239 ἦ
1224 4157 1363 4240 δύσορνις
1386 4156 1439 4221 dcc
1462 4161 1602 4232 ξυναυλία
1626 4157 1714 4240 δορός

220 4333 340 4391 offendit
361 4333 437 4406 qnod
459 4350 515 4390 vox
537 4332 648 4404 logicae
670 4339 702 4389 ut
724 4331 765 4390 ita
787 4333 879 4392 dicam
902 4334 1051 4406 grauitatis
1072 4335 1158 4405 plane
1180 4350 1282 4405 expers
1310 4334 1404 4391 locum
1427 4348 1566 4405 syncopes
1596 4340 1689 4392 tenet:
1733 4333 1912 4391 Deterrimus
1935 4335 2012 4392 enim

220 4437 391 4508 auribusque
413 4435 529 4492 minime
547 4434 692 4507 jucundus
715 4436 854 4507 ejusmodi
876 4452 974 4494 versus
996 4436 1110 4495 ridetur
1132 4437 1163 4493 in
1185 4453 1240 4508 qno
1263 4435 1404 4495 voeabula
1426 4451 1500 4507 qnae
1522 4434 1560 4493 ad
1582 4438 1754 4494 sententiam
1770 4452 1871 4509 parum
1894 4436 2011 4494 valeant

220 4540 330 4611 majore
353 4539 431 4595 vocis
454 4539 637 4596 contentione
660 4538 815 4610 premenda
837 4540 900 4596 sint.
925 4541 1019 4610 Quare
1041 4540 1204 4611 rhythmica
1226 4540 1301 4597 ratio
1325 4544 1403 4596 vetat
1424 4540 1500 4595 inter
1522 4538 1646 4610 syllabas
1668 4539 1845 4613 singulorum
1867 4545 1897 4596 et
1912 4538 2010 4596 binum

220 4647 380 4713 temporum
401 4640 541 4699 leviorum
563 4640 768 4700 vocabulorum
796 4641 936 4714 syllabam
964 4647 1030 4698 tone
1059 4642 1187 4713 produci.
1233 4640 1315 4712 Quod
1338 4647 1449 4698 veteres
1479 4646 1580 4711 poetas
1610 4658 1666 4698 non
1689 4643 1848 4714 neglexisse
1871 4657 1935 4698 eum
1957 4658 2012 4713 per

220 4760 251 4801 se
272 4743 424 4816 probabile
451 4749 512 4815 est,
541 4750 600 4800 tum
621 4745 729 4817 primus
752 4750 887 4816 «qnantum
916 4743 1000 4802 uideo
1030 4744 1171 4802 (ibristius
1181 4741 1207 4817 ³)
1231 4743 1361 4801 dissertis
1391 4743 1486 4801 verbis
1514 4761 1545 4800 se
1574 4743 1742 4801 observasse
1764 4744 1871 4804 docuit.
1915 4744 2012 4816 Atque

333 4898 344 4903 ..
353 4896 460 4903 -—-—.
476 4897 527 4903 --..

377 4992 502 5060 1)·llletr.
522 4952 565 5058 ll,
584 5008 644 5061 pag.
664 4998 722 5045 825.

375 5083 405 5145 2)
424 5077 610 5146 Eurbythmie‚
628 5093 688 5145 pag.
710 5084 767 5131 ter.

376 5168 402 5221 3)
423 5162 669 5231 Sitzungsberichte
688 5163 712 5215 d.
732 5163 821 5232 bayer.
840 5164 987 5217 Academia
1005 5163 1030 5216 d.
1050 5163 1214 5217 Wiuseuseh.
1236 5169 1310 5229 laco,
1328 5179 1405 5231 pagg.
1425 5168 1476 5215 443
1494 5178 1551 5230 sqq.
