4342 5692
170 458 312 500 morarum
334 440 549 499 attribuendum
570 458 608 498 an
629 457 683 513 per
704 456 849 513 syncopen
872 439 1162 515 Br·an1oaehianan1)
1182 442 1310 514 jambam
1332 460 1385 514 pro
1408 442 1545 500 trochaeo
1567 441 1750 500 substitutum
1773 459 1835 499 esse
1862 443 1959 499 existi-

169 544 305 602 mandum
331 560 368 601 an
397 541 557 617 Christio'2)
587 551 706 602 auctore
734 544 763 600 hi
786 561 884 602 versus
913 545 943 602 in
967 545 1170 617 acephalorum
1198 562 1318 604 numero
1340 545 1465 603 habendi
1493 544 1550 603 sint
1572 550 1604 601 ut
1625 545 1799 616 antispastus
1827 544 1961 617 dipodiae

168 647 334 705 trochaicae
355 647 467 719 pondus
488 646 602 705 habeat.
646 648 792 718 Quaeres
815 664 879 703 curn
901 646 938 704 ad
961 647 1025 705 illas
1048 648 1166 706 subtiles
1188 653 1218 705 et
1232 654 1367 720 tanquam
1389 648 1503 705 ultimas
1524 649 1595 705 artis
1615 648 1752 705 metricae
1775 646 1958 719 quaestiones

170 748 314 823 pertineat
340 765 411 821 quas
438 766 483 806 me
511 750 680 807 omissurum
709 765 797 822 supra
827 749 974 822 pollicitus
1001 767 1078 823 sum,
1112 750 1244 822 equidem
1272 750 1432 822 Aeschyleo
1461 751 1711 823 antispasticorum
1742 749 1872 821 exempla
1904 765 1962 807 uon

169 850 284 909 reddita
306 867 457 910 mensurae
478 853 590 910 ratione
613 869 796 910 enumerasse
818 852 888 910 satis
910 852 1013 910 habeo.

325 953 458 1013 Ceterum
481 956 622 1013 trochaici
644 972 744 1013 versus
765 956 796 1013 in
818 956 879 1014 solo
902 955 994 1028 primo
1016 955 1090 1028 pede
1112 956 1262 1028 syncopati
1285 961 1394 1014 certum
1416 956 1576 1028 exemplmn
1598 956 1628 1013 in
1649 954 1784 1027 Aeschyli
1806 952 1964 1026 tragoediis

171 1073 230 1115 non
251 1072 355 1115 mvem.

1041 1667 1098 1732 ΙΙΙ.

327 1841 443 1899 Accede
465 1842 503 1899 ad
526 1859 624 1899 versus
646 1843 674 1898 in
698 1844 801 1900 ceteris
823 1844 944 1915 pedibus
966 1845 1053 1901 semel
1076 1852 1255 1917 syncopatos.
1301 1844 1344 1900 Ac
1366 1844 1489 1919 primum
1505 1843 1618 1915 quidem
1638 1842 1756 1913 jamhici
1779 1840 1889 1897 numeri
1907 1838 1964 1895 ire·

173 1943 358 2016 quentissime
380 1946 470 2002 tertia
491 1944 579 2002 thesis
602 1946 745 2003 omittitur
767 1947 796 2003 in
819 1944 949 2004 dimetris
971 1948 1136 2005 acatalectis
1160 1954 1189 2006 et
1211 1947 1348 2005 trimetris
1370 1947 1430 2003 sive
1452 1945 1620 2003 acatalectis
1643 1944 1702 2001 sive
1726 1943 1902 2002 catalecticis
2013 2004 2019 2017 ,

725 2133 727 2138 ⁷
837 2098 880 2169 τίς
903 2091 941 2157 όν
964 2097 1123 2178 καθαρμόν
1145 2095 1234 2178 κόροι

766 2269 856 2352 τρίβῳ
879 2268 1051 2343 κατέξαινον
1073 2266 1171 2342 ἄνθος
1185 2265 1310 2350 ’Ἄργεος

810 2437 902 2500 λιπών
925 2435 962 2500 διν
985 2438 1119 2501 εὔκλειαν
1142 2439 1174 2500 ἒν
1197 2436 1332 2519 δόμοισιν

329 2554 389 2651 aaa
411 2609 543 2651 versuum
568 2593 681 2667 formas,
705 2611 824 2667 quarum
847 2597 924 2669 apud
946 2598 1119 2670 Aeschylum
1142 2598 1273 2669 exempla
1294 2596 1358 2667 plus
1382 2601 1494 2652 centum
1517 2591 1724 2665 quinquaginta
1747 2597 1878 2661 exstant,
1901 2607 1965 2648 cum

171 2712 269 2769 neque
291 2696 328 2754 ad
350 2696 515 2768 rhythmum
537 2698 578 2755 ita
600 2698 750 2756 dissimiles
773 2716 835 2757 esse
858 2701 1010 2759 videantur
1033 2706 1062 2757 et
1083 2700 1248 2772 saepissime
1271 2704 1390 2770 apoeta
1412 2699 1488 2754 inter
1509 2713 1540 2754 se
1557 2711 1684 2754 conexae
1706 2694 1763 2752 sint
1787 2693 1961 2764 conjunctim

170 2804 302 2857 tractare
335 2799 514 2857 commodum
543 2801 605 2858 erit.
651 2802 767 2875 Integra
795 2803 909 2876 quidem
938 2808 1093 2875 systemata
1122 2803 1163 2860 eis
1199 2803 1350 2874 explentur
1380 2799 1449 2856 Cho.
1479 2801 1541 2857 434
1566 2817 1625 2870 sqq.
1645 2800 1758 2856 :430
1778 2814 1856 2868 sqq.;
1887 2794 1964 2868 Sept.

171 2903 237 2960 911
256 2918 315 2973 sqq.
331 2923 372 2948 =
389 2905 448 2960 921
466 2919 524 2975 sqq.

801 3017 833 3083 τό
856 3027 917 3082 πᾶν
940 3018 1050 3100 ἀτίμοις
1072 3021 1179 3095 ἔλεξας,
1203 3021 1291 3099 οίμοι.

803 3122 914 3203 πατρὸς
937 3125 963 3184 δ’
987 3121 1129 3202 ἀτίμωσιν
1152 3113 1211 3205 ἆρα
1233 3125 1305 3184 τίσει

802 3226 881 3287 ἕκατι
904 3225 957 3306 μὲν
981 3224 1131 3305 δαιμόνιον

804 3329 884 3389 ἕκατι
907 3327 934 3389 δ’
958 3326 1039 3409 ἆμᾶν
1061 3335 1162 3409 χερῶν.

802 3432 887 3493 ἔπειτ’
910 3431 966 3514 ἐγώ
989 3435 1136 3508 νοσφίσας
1159 3429 1289 3510 ὀλοίμαν.

805 3617 1034 3700 σιδαρόπλακτοι
1056 3618 1109 3700 μὲν
1133 3610 1183 3682 ὧδ’
1206 3621 1332 3700 ἔχουσιν,

803 3719 1031 3801 σιδαρόπλακτοι
1054 3722 1086 3784 δὲ
1108 3720 1178 3797 τοὺς
1200 3722 1349 3802 μένουσιν,

802 3821 862 3903 τάχ’
885 3821 923 3885 όν
945 3848 987 3897 τις
1011 3825 1097 3899 είποι,
1119 3828 1213 3901 τίνες,·

805 3924 910 4003 τόφων
932 3924 1076 4013 πατρῴων
1098 3931 1191 4008 λαχαί.

157 4107 196 4161 et
221 4096 361 4156 trimetro
382 4098 491 4157 duabus
513 4101 645 4173 syncopis
666 4102 768 4160 mutilo
790 4107 840 4159 aut
860 4104 1018 4174 praemisso
1041 4108 1091 4161 aut
1111 4104 1141 4161 in
1163 4102 1220 4161 fine
1242 4102 1342 4161 addito
1364 4101 1461 4175 Suppl.
1486 4104 1547 4161 698
1571 4117 1631 4173 sqq.
1648 4120 1690 4148 =
1706 4099 1767 4157 704
1790 4114 1867 4170 sqq.;
1893 4094 1962 4155 Cho.

159 4205 236 4265 623
263 4217 326 4273 sqq.
342 4224 384 4250 =
400 4204 458 4261 631
483 4220 541 4276 sqq.

806 4319 954 4397 φυλάσσοι
976 4326 999 4382 τ’
1023 4318 1164 4402 ἀτρεμαῖα
1187 4318 1270 4402 τιμὰς

803 4422 835 4486 τό
858 4421 965 4503 δάμιον
987 4429 1020 4487 τὸ
1041 4420 1143 4486 πτόλιν
1165 4423 1313 4506 κρατύνει,

805 4525 961 4607 προμαθὲς
983 4522 1187 4607 εὐκοινόμητις
1209 4523 1294 4608 ἀρχό·

805 4630 913 4702 ξένοισί
935 4636 958 4690 τ’
981 4625 1187 4707 εὐξυμβόλους,

806 4733 877 4814 πρὶν
896 4732 1055 4806 ἐξοπλίζειν
1070 4729 1147 4813 ’Άρη

806 4839 892 4911 δίκας
914 4833 983 4916 ε’ίτερ
1005 4831 1149 4916 πημάτων
1172 4837 1291 4896 διδοῖεν.

162 5008 478 5023 ...na-m...-

339 5094 367 5156 1)
385 5089 462 5143 Matr¹
482 5088 569 5153 Stud,
588 5104 648 5156 pag.
667 5095 702 5143 40
719 5104 758 5157 sq.

336 5178 365 5243 2)
385 5175 560 5241 Continuitdt,
578 5191 637 5243 pag.
658 5180 698 5227 17.
