4342 5692
1040 216 1080 280 16

761 421 831 495 Διὸς
851 423 954 503 ἵμερος
976 418 1033 483 oda
1056 418 1224 501 εὐθήρατος
1246 420 1357 500 troyae

163 605 217 662 uisi
240 602 317 661 torte
338 602 369 659 in
391 616 426 659 co
448 600 632 672 anapaestica
654 597 772 670 dipodia
794 613 847 669 per
869 613 899 653 se
923 597 1006 655 colon
1029 598 1145 669 explere
1163 596 1321 669 judicanda
1343 604 1394 655 est.

314 720 338 779 T
340 721 488 779 etrametri
510 717 650 778 trochaici
673 726 738 789 post
759 728 891 789 quartam
912 717 999 774 arsim
1021 718 1172 790 syncopati
1193 717 1338 774 simillima
1360 726 1401 775 est
1424 724 1454 775 et
1468 717 1601 775 hinorum
1624 718 1828 790 glyconeorum
1850 728 1881 779 et
1896 722 1961 794 gly-

161 826 245 885 conei
266 842 331 882 cum
353 824 543 896 pherecrateo
565 822 718 893 copulatio.
763 822 801 876 At
824 820 929 892 prioris
951 821 1063 892 generis
1086 836 1219 877 vemuum
1248 837 1334 877 unum
1356 828 1467 877 tautum
1491 820 1652 893 exemplum
1674 828 1768 879 exstat
1798 823 1875 881 inter
1897 833 1961 882 trc-

162 929 275 1001 chaeos,
297 926 347 985 sed
370 925 406 983 ah
430 926 474 983 his
496 926 575 982 biatu
599 932 628 983 et
648 923 760 996 syllaba
781 923 899 995 ancipiti
921 934 1084 994 separatum
1107 922 1186 980 Pers
1210 925 1392 982 otte=t342

681 1091 775 1164 ι’ίντος
796 1090 832 1151 τὰ
855 1087 986 1152 παναίολ’
1012 1093 1102 1170 αἰανῆ
1126 1086 1265 1171 δύσθροα
1287 1088 1433 1172 βάμματα.
1516 1102 1519 1107 ’

162 1270 283 1343 Saepius
304 1270 396 1327 altero
418 1284 524 1341 genere
547 1266 732 1340 loqaoedicac
754 1266 924 1338 octapodiae
946 1274 1033 1339 poeta
1055 1283 1122 1323 usus
1144 1271 1193 1323 est.
1239 1266 1319 1323 luter
1346 1283 1417 1338 quos
1448 1283 1547 1323 versus
1577 1272 1605 1324 et
1635 1268 1799 1326 trochaicus
1821 1276 1962 1327 tetrame-

160 1380 220 1430 tros
243 1374 273 1429 iu
296 1372 389 1430 medio
411 1378 582 1443 syncopatos
604 1369 634 1426 id
656 1386 768 1441 quoque
783 1370 978 1427 similitudinis
1000 1368 1162 1441 intercedit,
1184 1369 1260 1441 quod
1283 1369 1398 1440 utrique
1412 1385 1499 1441 saepe
1521 1376 1679 1427 extremam
1701 1378 1885 1441 systematum
1910 1373 1962 1431 rel

162 1476 326 1533 breviorum
349 1474 483 1532 ordinum
506 1472 731 1545 rhythmicorum
754 1471 850 1529 sedem
873 1472 1012 1530 obtinent.
1057 1474 1151 1543 Atque
1173 1480 1239 1544 post
1259 1471 1398 1529 dimetros
1428 1472 1590 1530 trochaicus
1612 1473 1748 1545 priapeus
1776 1473 1892 1546 dequo
1914 1474 1962 1533 di·

162 1579 251 1637 cimus
273 1579 384 1651 positus
406 1584 449 1633 est
474 1576 567 1634 l'rom.
591 1578 772 1635 tta=r23
1033 1570 1036 1575 ’

681 1744 801 1824 ἔσχατον
822 1740 915 1804 τόπον
938 1738 1015 1821 ἀμφὶ
1041 1747 1179 1803 Μαιῶτιν
1202 1742 1299 1822 ἔχουσι
1322 1744 1437 1821 λίμναν.

160 1922 213 1995 Qui
237 1922 316 1979 loeus
337 1927 491 1992 propterca
512 1936 625 1991 quoqne
649 1917 790 1976 notandus
813 1926 869 1991 est,
898 1917 974 1989 quod
1001 1925 1118 1989 practer
1148 1935 1212 1975 eum
1241 1917 1351 1975 nullum
1378 1918 1457 1975 aliud
1485 1920 1645 1991 exemplum
1676 1937 1774 1977 versus
1807 1921 1837 1978 in
1860 1921 1962 1982 medio

161 2025 310 2097 syncopati
334 2024 361 2079 in
385 2029 446 2080 tota
470 2022 642 2079 l’roruetlrco
666 2019 762 2077 fabula
786 2028 888 2078 exstat.
933 2020 1007 2077 Nam
1029 2038 1128 2078 uersus
1151 2023 1332 2080 &5:593
1356 2021 1464 2079 cretico
1488 2028 1515 2079 et
1532 2022 1665 2081 dochmic
1687 2022 1765 2081 haud
1787 2023 1875 2081 duhie
1890 2040 1962 2082 cou-

161 2133 226 2185 stat.
272 2126 375 2184 Cetera
396 2132 491 2183 autem
514 2140 700 2196 quaecunque
723 2125 752 2180 iu
775 2123 829 2182 ltac
853 2121 1054 2180 fabulatores
1077 2125 1208 2196 exempla
1223 2124 1408 2181 inueniuntur
1430 2124 1572 2183 editorum
1595 2126 1769 2198 conjecturis
1783 2127 1866 2185 illata
1881 2137 1962 2186 suut.

314 2246 384 2305 l'ost
406 2262 504 2303 versus
527 2245 655 2317 ejusdcm
677 2245 790 2317 gorrcris
820 2244 974 2315 glycoueus
1003 2260 1067 2300 oum
1096 2244 1285 2316 pherecrateo
1314 2244 1458 2301 inuenitur
1485 2244 1535 2302 sed
1563 2245 1600 2302 ab
1629 2246 1669 2303 eis
1698 2247 1818 2319 ancipiti
1846 2247 1963 2319 syllaba

161 2355 311 2421 separatus
333 2350 388 2421 Ag.
414 2350 601 2408 teo=tam
648 2347 717 2404 Post
739 2347 907 2419 glycoueum
930 2352 1020 2403 exstat
1044 2345 1142 2418 Suppl.
1169 2349 1362 2419 101=1083
1383 2355 1450 2418 post
1463 2348 1683 2420 pherecrateum
1705 2349 1736 2406 in
1755 2349 1851 2408 medio
1866 2358 1962 2423 syste-

162 2458 238 2510 mate
265 2452 301 2509 ih.
334 2454 523 2511 ata=58a
579 2450 749 2521 Saepissime
784 2456 880 2507 autem
915 2446 1149 2507 antecedentibus
1182 2448 1256 2505 binis
1289 2449 1483 2521 pherecrateis
1511 2456 1666 2523 systemata
1700 2451 1822 2510 claudit:
1856 2453 1961 2526 Suppl.

163 2556 357 2626 alt=6553
382 2556 576 2625 tttto=utt33
601 2555 798 2624 oss=t3963
821 2552 874 2625 Ag.
900 2554 1099 2623 383=4013
1122 2554 1316 2624 tla=4353
1337 2554 1535 2623 454=4t33
1560 2560 1590 2612 et
1610 2562 1749 2625 sequente
1768 2556 1897 2627 jambica
1913 2556 1961 2614 di·

161 2657 249 2731 podia
271 2658 300 2713 in
322 2656 417 2715 medio
439 2662 593 2728 systemate
616 2656 663 2713 bic
686 2663 779 2714 exstat
802 2672 899 2712 versus
924 2654 1001 2713 Pers.
1025 2657 1205 2714 ott=ata

612 2826 639 2884 S.
674 2824 809 2904 ἔρρουσι·
833 2822 913 2883 στένε
937 2822 988 2883 καὶ
1011 2819 1168 2897 deradice,
1191 2822 1270 2903 βαρὺ
1293 2819 1322 2883 d’
1338 2819 1501 2902 ἀμβόασον,

613 2929 647 2987 A.
677 2932 788 2987 maudei
809 2922 952 3005 δ’όνὸρα
976 2922 1067 3004 ὀόμος
1089 2927 1260 3005 στερηθείς·
1283 2926 1381 2999 τοκέες
1405 2922 1433 2987 d’
1450 2924 1584 3000 ἄπαιδες.

76 3114 86 3123 ’
161 3123 201 3179 At
218 3120 324 3179 dixeris
339 3120 394 3178 hoc
409 3121 472 3177 loco
488 3118 726 3189 interpunctionis
742 3117 772 3173 in
787 3124 909 3190 utraque
924 3118 1043 3188 stropha
1058 3118 1199 3175 rationem
1215 3118 1264 3175 tali
1281 3117 1461 3190 discriptioni
1477 3120 1585 3176 obesse.
1614 3120 1702 3177 Nulla
1718 3121 1851 3179 euimres
1868 3125 1966 3198 magis

160 3240 244 3281 aures
273 3222 420 3279 ‹rilerrdere
451 3221 564 3279 uidetur
596 3236 680 3293 quam
709 3220 820 3277 initium
851 3221 917 3277 numi
946 3220 1053 3278 ordinis
1089 3221 1243 3294 rhythmici
1276 3221 1312 3278 ab
1347 3222 1447 3279 ultima
1480 3224 1639 3280 sententiae
1672 3224 1783 3295 syllaba
1816 3232 1964 3286 exortum.

160 3326 258 3398 tytulis
284 3325 462 3399 grarrrmatici
491 3330 520 3381 et
552 3325 664 3382 metrici
693 3322 802 3381 ordinis
831 3325 1020 3395 repugnantia
1048 3341 1112 3380 cum
1134 3324 1230 3380 aliena
1259 3326 1296 3380 sit
1323 3342 1342 3381 a
1363 3325 1493 3382 uersibus
1520 3343 1576 3383 non
1607 3343 1732 3398 syncope
1753 3326 1804 3385 sed
1826 3327 1966 3401 legitima

160 3435 269 3487 tantum
292 3444 410 3485 caesura
432 3428 461 3484 in
484 3427 555 3483 elutos
577 3434 675 3498 partos
698 3426 797 3483 divisis
825 3427 915 3483 multo
942 3428 1032 3499 magis
1059 3426 1217 3484 abhorrere
1244 3427 1372 3498 putanda
1400 3435 1445 3485 est
1474 3445 1492 3485 a
1515 3429 1644 3485 versibus
1673 3430 1827 3501 inquibus
1851 3432 1966 3492 omissa

160 3532 233 3589 thesi
256 3531 418 3589 euidentius
448 3547 467 3587 a
493 3532 590 3602 priore
618 3536 701 3602 parte
731 3530 874 3601 posterior
901 3530 1074 3603 disjungitur
1101 3546 1186 3602 quam
1216 3531 1330 3603 vulgata
1358 3547 1479 3588 caesura
1507 3530 1570 3588 ficri
1598 3539 1702 3602 potest.
1748 3532 1850 3605 Neque
1880 3538 1966 3607 quis-

160 3652 243 3706 quam
267 3634 422 3692 cotrtcudet
443 3633 647 3690 seriterttiarum
670 3632 894 3706 dispositionem,
918 3639 948 3688 ut
971 3634 1197 3705 qualemcunque
1219 3650 1331 3691 versum
1354 3632 1468 3706 fingam,
1491 3632 1640 3691 ferendam
1663 3651 1724 3694 esse
1747 3636 1846 3694 talem:

723 3803 813 3860 Molle
836 3804 994 3876 cupidineis
1016 3820 1069 3861 nec
1091 3804 1311 3877 inexpugnabile
1332 3805 1398 3862 telis

773 3906 827 3964 Est
848 3907 878 3964 in
899 3907 1066 3978 pectoribus
1089 3924 1146 3965 eor.
1192 3906 1266 3965 Salis
1287 3926 1357 3965 urcr
1379 3925 1441 3981 ego.

160 4082 255 4153 Atque
284 4078 402 4138 caedem
430 4077 623 4135 dubitationes
650 4075 807 4135 Christium
837 4084 989 4137 moverunt
1020 4084 1051 4136 ut
1077 4078 1107 4134 iu
1135 4078 1281 4151 Euripidis
1311 4079 1412 4137 Oreste
1441 4096 1480 4137 vs,
1512 4082 1692 4139 ate=828
1722 4080 1796 4138 lianc
1819 4099 1961 4142 uersuum

159 4182 320 4257 praeferret
342 4181 554 4253 discriptionem

313 4352 340 4411 S.
375 4343 558 4432 direptioque
581 4343 675 4423 φόνος
698 4346 861 4428 ἐξαμεὶβων
1158 4354 1192 4411 Α.
1227 4350 1349 4410 κτείνων
1372 4348 1408 4409 σύ
1431 4350 1549 4430 ματέρα,
1573 4349 1612 4430 μὴ
1635 4347 1773 4435 πατρῴαν

377 4446 412 4511 δι’
439 4450 561 4530 αἵματος
584 4445 620 4511 οὐ
643 4452 795 4530 προλείπει
1015 4516 1018 4521 ‚
1225 4457 1316 4531 τιμῶν·
1338 4447 1423 4533 χάριν
1446 4449 1582 4536 ἐξανόψῃ

380 4555 525 4616 δισσοῖσιν
543 4549 717 4633 Ἀτρείδαις.
1227 4551 1385 4615 δύσκλειαν
1408 4554 1437 4627 ἒς
1460 4552 1515 4628 ἀεί,

160 4763 224 4804 cum
252 4746 302 4803 alii
335 4763 448 4804 uersum
477 4745 588 4804 duobus
622 4745 769 4818 glycoueis
801 4744 932 4803 secundis
965 4762 1084 4817 quorum
1118 4746 1208 4818 priori
1242 4746 1389 4804 anacrusis
1427 4745 1557 4819 praefixa
1590 4753 1666 4804 esset
1698 4754 1727 4805 et
1764 4748 1958 4819 pherecrateo

160 4847 286 4907 secundo
313 4854 446 4907 constare
475 4848 638 4907 voluissent.
684 4849 820 4905 Attamen
849 4847 878 4904 iu
905 4847 1052 4919 Euripidis
1079 4848 1173 4905 vorbis
1202 4849 1317 4907 minime
1351 4854 1410 4907 tam
1440 4865 1542 4921 graves
1569 4850 1775 4908 sententiarum
1797 4852 1957 4912 incisiones

160 4951 257 5008 insunt
284 4968 368 5023 tynam
398 4952 429 5007 in
456 4952 497 5010 eis
524 4968 597 5023 quae
627 4969 661 5009 ex
691 4949 828 5023 Aeschyli
856 4949 954 5007 fabula
980 4950 1136 5008 attulimus.
1180 4950 1282 5024 Neque
1310 4950 1464 5008 defuerunt
1490 4952 1538 5023 qui
1569 4953 1645 5010 hunc
1666 4955 1761 5012 locum
1782 4954 1825 5011 ita
1848 4957 1957 5014 consti-

160 5060 274 5112 tuerent
302 5060 333 5111 ut
362 5055 531 5128 glycoueum
559 5054 822 5127 ltypercatalcctum
856 5054 905 5126 (qui
933 5061 1053 5113 vocatur
1078 5070 1096 5111 a
1123 5053 1307 5124 sequentihus
1335 5052 1539 5126 disjungerent.
1583 5054 1639 5113 Sed
1666 5056 1823 5114 similitudo
1854 5075 1957 5117 corum

161 5174 293 5215 versuum
316 5174 387 5231 «puros
416 5176 450 5215 es
478 5156 604 5215 secundo
627 5156 792 5231 Supplicem
820 5163 850 5215 ct
876 5157 969 5230 primo
992 5157 1213 5229 Agamemnonis
1243 5156 1360 5215 strasimc
1387 5157 1470 5214 attuli
1500 5158 1585 5216 talem
1608 5158 1824 5231 discriptionem
1854 5178 1957 5221 nume·
