4342 5692
251 409 390 467 metricae
424 408 535 481 peritos
564 405 679 481 effugit:
709 407 763 463 nisi
793 406 869 479 synod
897 407 1018 464 similem
1046 405 1294 478 incongruentiam
1324 420 1507 462 numerorum
1536 411 1622 476 atque
1652 419 1688 461 ea
1714 410 1759 461 est
1785 403 1820 462 de
1842 419 1899 475 qua
1920 403 2052 462 dicturus

257 524 320 568 sum
343 508 512 569 Dindorfius
533 509 564 567 in
586 509 642 569 boc
662 510 793 567 trimetro
816 508 1039 582 deprehendisse
1061 509 1115 567 sibi
1136 508 1266 566 videtur:

807 666 830 738 ὦ
851 673 1036 757 χρυσοπήληξ
1060 678 1167 755 δαῖμον
1190 672 1265 738 ἔπιδ’
1292 675 1373 736 ἔπιδε
1399 671 1485 736 πόλιν

253 855 290 911 nd
316 870 399 926 ‹prrem
424 853 496 910 baec
519 851 639 909 adnotat
649 849 688 926 ¹):
722 852 844 924 ‚qualem
868 852 1028 909 trimetrum
1050 867 1193 924 nunquam
1219 850 1290 908 fecit
1316 850 1475 921 Aeschylus
1500 849 1576 920 quod
1606 848 1690 906 lacile
1720 849 1824 906 sentiet
1850 850 1898 922 qui
1921 850 2050 923 reliquos

259 957 418 1013 carminum
442 955 607 1012 melicorum
630 955 765 1026 Aeschyli
789 955 917 1012 senarios
940 970 1003 1011 cum
1026 955 1082 1012 hoc
1104 970 1272 1037 comparare
1293 954 1379 1025 solet,
1402 953 1432 1008 iu
1455 968 1511 1024 quo
1533 968 1552 1009 a
1573 952 1707 1023 plumbeo
1722 952 1806 1011 initio
1829 952 1949 1010 duorum
1963 970 2051 1026 spon·

261 1059 380 1116 deorum
402 1058 451 1131 qui
475 1058 504 1114 in
527 1058 620 1130 primo
642 1058 786 1129 tertioque
808 1057 881 1129 pede
903 1058 989 1129 positi
1012 1062 1086 1129 sunt,
1108 1058 1245 1114 transitus
1268 1054 1301 1112 fit
1322 1055 1359 1112 ad
1382 1054 1522 1113 volubiles
1542 1054 1704 1113 tribrachos
1727 1054 1794 1114 duo.
1831 1057 1910 1141 Quae
1932 1074 2051 1129 perver-

255 1163 326 1219 sitas
349 1161 461 1219 tollitur
484 1177 507 1218 e.
531 1178 557 1232 q.
582 1163 613 1217 εἰ
657 1160 809 1233 Perspenit
831 1160 918 1231 igitur
939 1161 984 1218 rir
1007 1160 1186 1218 doctissimus
1207 1160 1337 1232 ineptum
1365 1174 1426 1216 esse
1448 1158 1568 1215 alteram
1597 1160 1721 1231 cujusvis
1744 1176 1843 1216 versus
1873 1164 1984 1231 partem
2008 1160 2052 1216 ita

255 1263 382 1322 formare
415 1270 447 1320 ut
479 1264 590 1320 numeri
621 1263 704 1320 tarde
731 1262 922 1335 procederent
943 1264 1064 1321 alteram
1091 1263 1133 1320 ita
1161 1269 1193 1320 ut
1214 1263 1353 1320 velociter
1374 1266 1571 1334 properarent.
1614 1260 1784 1320 Rectissime
1806 1262 1928 1333 quidem.
1972 1263 2050 1321 Nam

259 1383 324 1424 cum
348 1366 420 1423 hacc
441 1366 591 1438 potissima
613 1366 658 1422 len
682 1366 818 1438 cujusque
842 1383 973 1423 versuum
995 1367 1109 1439 generis
1132 1367 1169 1422 sit
1190 1371 1222 1422 ut
1243 1371 1353 1422 certum
1375 1364 1516 1437 quandam
1540 1370 1569 1422 et
1591 1381 1686 1422 secum
1708 1365 1775 1423 iude
1798 1366 1833 1423 ab
1855 1366 1939 1424 initio
1958 1384 2051 1440 usque

253 1469 291 1527 ad
313 1467 399 1526 finem
421 1484 578 1542 congruum
605 1468 770 1540 rhythmum
798 1467 961 1541 obtineant,
995 1485 1097 1540 parum
1119 1468 1278 1541 speciosum
1300 1484 1414 1525 uersum
1437 1484 1498 1524 esse
1521 1466 1713 1539 yudicabimus
1735 1469 1817 1540 cnjus
1845 1454 1941 1541 partes
1964 1470 2052 1528 nimis

258 1572 374 1629 diuersa
396 1572 424 1628 vi
447 1577 533 1643 atque
556 1570 661 1629 ellectu
682 1588 866 1629 numerorum
888 1572 1022 1629 incedere
1046 1571 1205 1629 videantur.
1249 1572 1344 1642 Atque
1367 1570 1453 1627 etiam
1476 1570 1565 1642 magis
1579 1585 1664 1642 quam
1685 1570 1898 1630 tribrachorum
1920 1572 1950 1629 in
1965 1590 2053 1631 versu

257 1692 342 1747 quem
364 1671 534 1732 Dindorfias
557 1672 730 1746 improbarit
758 1691 821 1737 cum
844 1674 978 1746 spondeis
1001 1675 1164 1746 conjunctio
1191 1675 1222 1731 in
1248 1674 1412 1745 syncopatis
1441 1672 1519 1729 illam
1549 1674 1754 1745 congruentiae
1782 1673 1873 1748 legem
1895 1676 2055 1735 solutiones

253 1794 318 1835 cum
340 1776 457 1849 syllabis
480 1782 547 1834 tone
569 1775 716 1848 productis
733 1777 913 1835 consociatae
936 1777 1068 1850 migrant.
1099 1778 1229 1849 Apparet
1245 1777 1320 1834 euim
1335 1775 1451 1848 syllabis
1466 1775 1590 1833 trisemis
1605 1792 1787 1834 numerorum
1802 1778 1943 1835 incessum
1958 1780 2051 1853 magis

253 1881 368 1938 tardum
401 1886 431 1936 et
457 1879 625 1951 impeditum
654 1878 717 1937 fieri
744 1896 829 1952 qnam
857 1880 989 1952 spondeis
1018 1880 1140 1952 ideoque
1168 1879 1281 1938 easdem
1311 1880 1423 1951 longius
1450 1879 1550 1937 abesse
1578 1895 1596 1934 a
1623 1879 1837 1937 tribracbornm
1858 1881 2050 1942 volubilitate

253 1985 348 2056 Quare
370 1983 532 2055 putaverim
560 1998 616 2054 qrro
639 1983 702 2055 quis
724 1983 880 2041 studiosior
903 1983 1105 2040 concinnitatis
1128 1989 1202 2041 esset
1223 1989 1312 2056 pocta
1334 1999 1368 2040 eo
1392 1982 1503 2039 cautius
1526 2000 1590 2041 eum
1612 1983 1769 2041 solutiones
1791 1983 1896 2056 pedum
1911 2002 2053 2059 syncopes

254 2086 315 2145 sedi
337 2086 497 2143 vicinorum
519 2085 664 2145 vitavisse.
695 2084 748 2142 Cui
775 2086 819 2143 rei
841 2092 977 2158 quantum
994 2085 1161 2158 diligentiae
1182 2087 1272 2143 ceteri
1295 2092 1400 2158 poet-ae
1415 2086 1586 2143 naravcrint
1599 2102 1675 2143 nunc
1690 2104 1747 2145 non
1763 2104 1841 2146 curo.
1868 2087 1908 2146 At
1922 2090 2051 2163 Aeschy-

253 2191 298 2247 lus
320 2188 356 2247 ad
380 2204 443 2246 eam
465 2189 636 2260 elegantiam
658 2205 827 2261 progressus
850 2178 902 2259 estss
924 2189 1007 2245 utin
1031 2188 1159 2246 dimetris
1182 2196 1211 2246 ct
1238 2189 1377 2246 trimetris
1398 2189 1562 2260 syncopatis
1588 2189 1648 2247 sire
1671 2189 1784 2262 diplasii
1806 2192 1867 2248 sive
1889 2192 2052 2265 logaocdici

254 2293 367 2365 generis
388 2307 446 2349 nou
468 2292 559 2349 solum
582 2307 630 2348 eas
653 2307 731 2349 arses
753 2306 826 2363 quac
848 2292 996 2363 proximae
1019 2296 1085 2348 sunt
1106 2291 1193 2348 trium
1208 2307 1354 2349 morarum
1376 2290 1494 2363 syllabis
1524 2291 1573 2348 scd
1596 2308 1633 2347 ne
1655 2297 1766 2349 ceteras
1788 2293 1902 2365 quidem
1924 2312 2052 2367 uuquam

254 2395 386 2454 solueret.
430 2395 463 2452 In
485 2394 661 2451 tetrametris
690 2400 786 2451 autem
815 2394 978 2466 syncopatis
1007 2395 1117 2466 primae
1146 2395 1234 2452 solius
1263 2410 1361 2451 arseos
1388 2394 1559 2452 solutionem
1582 2410 1784 2467 nonnunquam
1806 2396 1934 2455 admisit:
1969 2401 2053 2472 cujus

218 2554 221 2559 .
253 2499 387 2556 licentiae
419 2498 513 2556 omnia
543 2514 616 2570 quae
647 2502 760 2555 exstant
786 2498 916 2570 exempla
944 2496 1074 2556 asscribe
1102 2505 1134 2554 ut
1161 2504 1302 2569 appareat
1331 2513 1366 2555 ca
1393 2497 1531 2570 singulari
1564 2497 1688 2569 quadam
1721 2501 1905 2559 excusatione
1933 2501 2051 2560 defendi

254 2597 336 2677 (Cho.
361 2603 557 2674 407=l193
586 2600 669 2657 Eum.
694 2603 888 2674 359=3713
917 2603 1114 2675 497=506;
1141 2600 1195 2674 Ag.
1221 2601 1421 2673 780=7803
1451 2600 1519 2660 Cho.
1546 2604 1606 2661 793
1630 2599 1775 2678 (=830).

709 2768 799 2843 (ἴδετε
820 2774 1013 2847 πολυκρατεῖς
1036 2765 1119 2846 άραλ)

708 2872 914 2948 φθινομένων,
938 2867 1032 2932 ἴδεσθ’
1054 2867 1209 2953 Ἀτρειδᾶν
1231 2874 1267 2932 τά
1288 2867 1366 2932 λοίπ’
1393 2867 1550 2951 ἀμηχάνοις

709 3039 799 3119 (μάλα
821 3049 875 3123 γὰρ
899 3031 955 3102 οὗν
978 3038 1106 3121 ἁλομένα

709 3140 859 3205 άνὲκαθεν
882 3146 1039 3225 βαρυπεσῆ

711 3247 868 3325 καταφέρω
890 3243 982 3320 ποδῦς
1005 3243 1116 3327 duple)

708 3346 840 3430 σφαλερὰ
863 3349 918 3431 γάρ
942 3347 1136 3429 τανυδρόμοις
1159 3357 1237 3412 κῶλα
1260 3347 1414 3432 δύσφορον
1437 3349 1541 3432 μάντιν.

709 3522 813 3592 (πολλὰ
837 3517 863 3581 δ’
883 3521 972 3599 ἔτυμα
996 3519 1193 3602 παιδότρωτα)

707 3621 809 3683 πάθεα
831 3624 990 3703 προσμένει
1012 3630 1147 3685 τοκεῦσιν
1170 3628 1313 3703 μεταῦθις
1336 3624 1368 3685 ἐν
1390 3622 1494 3710 χρόνῳ,

709 3790 832 3873 (ὄμμασι
855 3790 972 3855 λιποῦσ’
1000 3791 1068 3856 ὅσια
1090 3792 1301 3875 προσεβάλετο)

712 3894 840 3975 δύναμιν
863 3894 900 3959 οῦ
924 3898 1052 3977 σέβουσα
1068 3894 1195 3959 πλούτου
1218 3895 1396 3980 παράσημον
1418 3900 1501 3985 αἴνῳ.

709 4071 772 4143 (τον
795 4069 910 4131 ἔσωθεν
932 4066 1092 4148 μελάθρων
1118 4075 1177 4131 Ζεῦ

708 4168 772 4243 θὲς,
797 4170 861 4233 ἕπετ’
883 4196 930 4233 νιν
952 4172 1044 4254 μέγαν
1063 4169 1151 4252 άρας)

711 4275 821 4351 δίδυμα
842 4274 893 4335 καλ
915 4281 1020 4356 τριπλᾶ
1043 4278 1225 4355 παλίμποινα
1248 4277 1346 4337 θέλων
1370 4273 1498 4352 ἀμείψει.

262 4447 331 4506 Cum
356 4449 489 4506 omnibus
511 4448 557 4506 his
579 4449 786 4507 antithetorum
809 4468 943 4508 versuum
965 4456 1058 4508 metra
1080 4457 1214 4510 accurato
1236 4452 1412 4509 conveniunt
1433 4459 1549 4523 praeter·
1571 4460 1729 4511 extremum
1744 4470 1857 4510 versum
1881 4455 1962 4525 cujus
1977 4458 2055 4514 anti·

261 4552 398 4624 strophas
421 4552 555 4624 graviore
578 4552 741 4625 corruptela
762 4552 883 4612 laborat.
927 4554 959 4611 In
981 4554 1173 4612 Eumenidum
1199 4573 1285 4613 versu
1314 4555 1412 4626 priore
1438 4555 1504 4613 libri
1533 4556 1668 4614 exhibent
1696 4549 1828 4633 σφαλερὰ
1854 4551 2054 4633 τανυδρόμοις

258 4655 337 4711 κῶλα
360 4648 515 4729 δύσφορον
531 4647 613 4711 ὅταν.
645 4654 766 4713 Weilius
789 4662 821 4713 ut
842 4662 934 4714 metro
956 4656 1120 4715 mederetur
1142 4663 1208 4714 ante
1230 4659 1308 4714 κῶλα
1331 4658 1501 4716 uocabulum
1516 4659 1636 4717 inseruit
1658 4652 1744 4734 ὅμως.
1775 4658 1858 4729 Quod
1879 4675 2054 4732 quamquam

257 4773 312 4828 per
334 4772 364 4813 se
387 4772 445 4813 non
467 4757 686 4829 improbandum
702 4764 745 4816 ast
766 4766 862 4816 tamen
885 4759 990 4831 duplex
1013 4760 1118 4818 solutio
1141 4759 1277 4817 auclacius
1306 4766 1348 4818 est
1370 4762 1527 4820 constituta
1555 4778 1619 4819 cnm
1646 4762 1789 4835 Aeschylo
1816 4778 1955 4834 nusquam
1981 4763 2053 4820 alibi

259 4858 401 4932 placuerit
429 4866 650 4933 syncopatorum
679 4867 911 4920 tetrametrorum
945 4862 1099 4920 secundam
1127 4863 1215 4919 arsim
1242 4863 1363 4921 solvere.
1407 4863 1529 4924 Accedit
1554 4865 1630 4937 ‹puod
1658 4866 1744 4923 etiam
1771 4867 1928 4925 antithetus
1951 4883 2053 4924 versus

415 5166 439 5227 ll
458 5159 545 5215 Praef.
565 5162 600 5214 ad
619 5163 716 5215 Acerb.
736 5163 800 5217 edit.
820 5163 922 5217 Tenba,
940 5178 1001 5233 pag.
1019 5163 1076 5216 XL.
