4342 5692
1116 728 1155 791 ll.

401 908 446 966 Ac
468 907 504 964 de
526 907 612 978 primi
636 905 750 979 quidem
772 904 853 977 pedis
876 912 944 963 tone
966 906 1115 977 quaerenti
1138 905 1380 963 commemorandi
1402 912 1468 963 snnt
1490 904 1667 976 antispastici
1696 903 1745 976 qm
1768 902 1904 961 dicuntur
1926 920 2041 978 remus,

244 1014 270 1070 ci
293 1012 403 1069 scilicet
424 1011 473 1082 qui
495 1010 631 1081 ajambo
654 1026 727 1081 pmo
750 1008 900 1066 exordium
923 1016 1065 1066 sumentes
1088 1008 1225 1066 trochaeo
1249 1008 1294 1064 uel
1318 1006 1432 1081 dactylo
1456 1008 1668 1066 continuantur.

395 1128 546 1200 Tripodiss
568 1128 598 1185 id
621 1144 710 1201 gertus
732 1128 814 1185 binas
837 1128 1020 1200 logaoetlicas
1043 1129 1118 1186 inter
1140 1128 1289 1186 dochmios
1311 1144 1432 1200 ‹ynornm
1454 1128 1581 1203 rhythmi
1603 1126 1763 1199 persimiles
1785 1132 1853 1184 snut
1875 1126 2039 1199 Aeschylus

241 1233 337 1305 posuit
360 1231 438 1303 Sept.
463 1234 524 1290 892
544 1248 586 1302 sq.
601 1253 644 1278 =
662 1232 722 1288 964
751 1248 793 1302 sq,

984 1391 1017 1455 δι’
1044 1385 1084 1457 ὧν
1107 1393 1278 1477 αἰνομόροις

987 1493 1020 1557 δι’
1047 1486 1088 1558 ὧν
1112 1505 1208 1571 νεῖκος
1231 1499 1293 1576 ἔβα.

397 1690 505 1763 Atqui
528 1706 626 1747 versus
649 1690 702 1761 Ag.
728 1690 896 1748 717=727
920 1689 1025 1760 legitur
1048 1689 1130 1747 initio
1153 1690 1314 1761 systematis
1336 1690 1509 1762 praemissus
1531 1690 1703 1761 tetrapodiis
1725 1688 1901 1762 logaoedicis

982 1856 1113 1932 ἔθρεψεν
1136 1854 1168 1916 δὲ
1191 1856 1293 1918 λέοντα

244 2032 313 2102 qnin
335 2035 402 2088 tone
423 2030 616 2101 paenultimae
639 2028 676 2085 ad
699 2028 879 2099 tetrapodiae
902 2028 1119 2100 amplitudinem
1142 2030 1229 2087 etiam
1256 2032 1316 2102 ipse
1339 2031 1539 2102 producendus
1561 2032 1599 2089 sit
1622 2032 1669 2089 vix
1692 2031 1808 2088 dubium
1831 2036 1882 2088 est.

397 2150 487 2207 Plena
508 2148 672 2220 tetrapodia
690 2148 819 2220 janibiea
840 2150 916 2206 inter
935 2149 1047 2220 jambos
1070 2156 1163 2207 exstat
1185 2150 1262 2223 Sept.
1287 2153 1465 2210 7o7=7aa

974 2318 1091 2396 βαρεῖαι
1113 2319 1300 2399 καταλλαγαί.

398 2508 422 2564 E
446 2507 620 2578 logaoedieis
643 2506 673 2562 id
696 2524 784 2579 genus
807 2506 977 2577 tetrapodiis
992 2507 1134 2579 legitimos
1156 2510 1309 2581 glyconcos
1332 2526 1350 2566 a
1367 2508 1467 2581 jamim
1483 2511 1609 2568 orientes
1629 2527 1686 2567 non
1709 2516 1753 2567 est
1773 2509 1850 2581 quod
1866 2526 2038 2567 enumerem.

243 2610 491 2683 llypercatalectis
513 2615 609 2666 antem
631 2610 679 2680 qni
702 2615 839 2681 putantur
861 2608 1015 2667 notandum
1039 2616 1082 2668 est
1111 2612 1225 2683 saepius
1249 2612 1348 2670 ultimo
1371 2616 1555 2684 systematum
1584 2613 1649 2670 loeo
1678 2617 1792 2683 poetam
1819 2629 1901 2670 usum
1923 2628 1985 2670 esse
2008 2618 2041 2669 ut

244 2713 295 2785 Ag.
322 2715 542 2771 1487=to12>
566 2718 631 2783 post
653 2727 752 2768 versus
769 2711 910 2783 jnmbieos

879 2880 907 2938 τί
928 2880 1013 2939 τῶνδ’
1038 2874 1074 2941 οὗ
1097 2875 1282 2961 θεόκραντόν
1305 2880 1400 2957 ἕστινς

243 3054 307 3110 Bini
331 3052 493 3125 hujusmodi
517 3069 614 3109 uersus
636 3052 831 3123 logaoodicam
854 3051 1003 3122 periodum
1025 3052 1162 3111 claudunt
1184 3054 1254 3113 (ilio.
1272 3059 1333 3114 466
1349 3074 1390 3128 sq.
1413 3059 1528 3115 :iii
1541 3075 1592 3131 sip,
1614 3057 1718 3129 singuli
1742 3057 1936 3114 dochmiacam
1959 3054 2038 3127 Sept.

246 3158 429 3225 5673636,
462 3155 585 3213 ionicam
615 3154 683 3211 Cho.
707 3156 884 3213 331=3aa
929 3154 1022 3211 Semel
1052 3156 1258 3226 paenultimam
1288 3159 1382 3215 locum
1410 3159 1457 3234 hic
1486 3176 1585 3216 uersus
1612 3164 1693 3216 tenet
1720 3159 1806 3231 idquae
1834 3163 2039 3216 anteversum

246 3257 373 3329 ejusdem
395 3257 518 3314 ambitus
541 3257 591 3314 sed
613 3258 661 3329 qm
683 3256 719 3313 ab
742 3256 800 3313 arsi
822 3256 973 3313 incohatur
996 3256 1063 3315 Cho.
1089 3260 1276 3319 3s4=3ca

399 3377 479 3434 Inter
501 3393 600 3434 uersus
622 3374 725 3434 dubiae
749 3391 899 3433 mensmae
921 3376 1025 3448 legitur
1047 3376 1145 3450 Suppl.
1170 3380 1329 3438 97:105

939 3545 1009 3621 βίαν
1032 3545 1057 3603 d’
1080 3541 1171 3605 οὔτιν’
1194 3544 1343 3619 ἐξοπλίζει,

246 3718 295 3789 qui
323 3734 422 3774 versus
449 3717 473 3773 si
502 3723 588 3775 tenen
616 3722 681 3788 post
707 3715 860 3773 secundam
888 3717 1028 3788 syllabam
1054 3720 1185 3791 agnoscis
1217 3719 1394 3792 pentapodia
1423 3727 1480 3793 est,
1514 3722 1641 3793 alioquin
1673 3723 1760 3780 etiam
1791 3694 1855 3794 pro·
1874 3719 2040 3790 tetrapodia

248 3819 341 3891 accipi
364 3824 468 3890 potest.

399 3938 507 3996 Plenae
529 3937 720 4010 pentapodiae
743 3956 830 3995 unum
853 3946 962 3997 certum
985 3942 1145 4013 exemplum
1168 3948 1261 4002 exstat
1283 3944 1360 4016 Sept.
1386 3945 1565 4003 737=745

929 4108 1113 4191 μελαμπαγὲς
1135 4104 1207 4190 αἷμα
1230 4113 1359 4187 φοίνιον.

247 4281 306 4340 Sed
329 4280 451 4339 fortasse
474 4280 539 4338 talis
554 4296 653 4337 versus
676 4282 761 4338 etiam
784 4281 950 4339 statuendus
972 4288 1016 4339 est
1030 4281 1107 4357 Sept.
1132 4288 1329 4358 330=3423
1354 4289 1547 4359 347=3593
1570 4289 1767 4360 888=9003
1792 4285 1861 4343 Cho.
1884 4286 2037 4345 45:56.

403 4402 436 4458 lu
459 4417 546 4473 versu
568 4399 662 4458 Prom.
687 4402 748 4459 665
772 4401 820 4472 qm
842 4401 928 4474 vulgo
950 4401 992 4459 sie
1014 4403 1108 4461 editur

884 4569 1003 4649 πέφρικ’
1027 4572 1177 4632 εἰσιδοῦσα
1199 4576 1308 4654 πρᾶξιν
1326 4569 1411 4650 Ἰοῦς,

247 4742 403 4815 quietalis
430 4742 608 4814 hexapodiae
631 4742 790 4814 exemplum
813 4743 871 4798 alio
897 4743 961 4801 loco
984 4743 1059 4815 apud
1081 4744 1253 4817 Aeschylum
1276 4764 1333 4805 non
1361 4753 1469 4819 exstat,
1504 4745 1644 4807 ἐσιδοῦσα
1667 4747 1736 4805 mihi
1760 4746 1874 4805 videtur
1895 4763 2038 4818 reponen-

250 4844 317 4902 dum
340 4860 410 4917 esse,
432 4860 516 4916 quarn
541 4845 618 4901 vocis
641 4846 812 4916 scripturam
834 4843 983 4902 Mediceus
1005 4845 1129 4904 exhibet.

403 4946 514 5003 Horum
535 4946 786 5019 antispastieorum
808 4963 940 5004 versuum
972 4947 1008 5006 de
1029 4964 1162 5006 mensura
1191 4949 1332 5007 maximae
1354 4949 1548 5010 dubitationes
1569 4968 1588 5009 a
1608 4952 1817 5011 recentioribus
1845 4958 1940 5010 motae
1962 4959 2037 5012 sunt.

249 5049 325 5107 Nam
345 5049 419 5105 nihil
440 5047 527 5105 hodie
549 5048 626 5107 inter
647 5049 781 5107 metricos
803 5055 916 5108 constat
944 5050 974 5106 in
996 5049 1051 5108 hoc
1073 5066 1177 5123 genere
1206 5067 1339 5108 versrmm
1366 5058 1462 5111 utrum
1491 5054 1568 5113 basis
1600 5072 1674 5127 quae
1696 5056 1802 5116 dicitur
1822 5055 2039 5114 Hermanniana

250 5168 269 5210 a
296 5157 431 5224 sequente
458 5149 558 5209 ordine
585 5151 748 5224 rhythmico
777 5150 977 5225 distinguenda
1003 5152 1041 5209 sit
1066 5168 1104 5209 an
1129 5151 1300 5222 Westphalo
1329 5159 1446 5215 anctore
1472 5157 1614 5217 secundae
1648 5160 1776 5232 syllabae
1802 5157 1926 5231 spatium
1948 5158 2038 5216 trium
